<record><leader>00000cas a2200000 a 4500</leader><controlfield tag="001">10053374</controlfield><controlfield tag="008">831025d19221953nyudr ne      0    0yid c</controlfield><datafield ind1=" " ind2=" " tag="010"><subfield code="a">sn 83045861 </subfield></datafield><datafield ind1=" " ind2=" " tag="040"><subfield code="a">CRL</subfield><subfield code="b">eng</subfield><subfield code="c">CRL</subfield><subfield code="d">NPW</subfield><subfield code="d">YOX</subfield><subfield code="d">MGN</subfield><subfield code="d">NYS</subfield><subfield code="d">CNK</subfield><subfield code="d">DLC</subfield><subfield code="d">OCLCQ</subfield><subfield code="d">DLC</subfield><subfield code="d">OCLCQ</subfield><subfield code="d">OCLCF</subfield><subfield code="d">OCLCO</subfield><subfield code="d">OCLCQ</subfield></datafield><datafield ind1=" " ind2=" " tag="066"><subfield code="c">(2</subfield></datafield><datafield ind1="0" ind2=" " tag="041"><subfield code="a">yid</subfield><subfield code="a">eng</subfield></datafield><datafield ind1=" " ind2=" " tag="042"><subfield code="a">pcc</subfield></datafield><datafield ind1=" " ind2=" " tag="043"><subfield code="a">n-us-ny</subfield></datafield><datafield ind1="0" ind2="0" tag="050"><subfield code="a">Newspaper</subfield></datafield><datafield ind1="0" ind2=" " tag="130"><subfield code="a">Tog (New York, N.Y. : 1922)</subfield></datafield><datafield ind1="1" ind2="4" tag="245"><subfield code="6">880-01</subfield><subfield code="a">Der Tog =</subfield><subfield code="b">The Day.</subfield></datafield><datafield ind1="3" ind2="1" tag="246"><subfield code="a">Day</subfield></datafield><datafield ind1=" " ind2=" " tag="260"><subfield code="a">New York, N.Y. :</subfield><subfield code="b">American Jewish Pub. Corp.,</subfield><subfield code="c">1922-1953.</subfield></datafield><datafield ind1=" " ind2=" " tag="300"><subfield code="a">volumes</subfield></datafield><datafield ind1=" " ind2=" " tag="310"><subfield code="a">Daily</subfield></datafield><datafield ind1=" " ind2=" " tag="336"><subfield code="a">text</subfield><subfield code="b">txt</subfield><subfield code="2">rdacontent</subfield></datafield><datafield ind1=" " ind2=" " tag="337"><subfield code="a">unmediated</subfield><subfield code="b">n</subfield><subfield code="2">rdamedia</subfield></datafield><datafield ind1=" " ind2=" " tag="338"><subfield code="a">volume</subfield><subfield code="b">nc</subfield><subfield code="2">rdacarrier</subfield></datafield><datafield ind1="0" ind2=" " tag="362"><subfield code="a">Vol. 8, no. 2626 (Feb. 4, 1922)-v. 39, no. 13,867 (Jan. 25, 1953).</subfield></datafield><datafield ind1=" " ind2=" " tag="500"><subfield code="a">"The National Jewish daily."</subfield></datafield><datafield ind1=" " ind2=" " tag="530"><subfield code="a">Also issued on microfilm from the Library of Congress Photoduplication Service.</subfield></datafield><datafield ind1=" " ind2=" " tag="546"><subfield code="a">In Yiddish and English.</subfield></datafield><datafield ind1=" " ind2=" " tag="580"><subfield code="a">Regional ed. for Boston, Mass.: Der Tog, &lt;1931-1947&gt;.</subfield></datafield><datafield ind1=" " ind2="0" tag="650"><subfield code="a">Jewish newspapers</subfield><subfield code="z">United States.</subfield></datafield><datafield ind1=" " ind2="0" tag="651"><subfield code="a">New York (N.Y.)</subfield><subfield code="v">Newspapers.</subfield></datafield><datafield ind1=" " ind2="7" tag="650"><subfield code="a">Jewish newspapers.</subfield><subfield code="2">fast</subfield><subfield code="0">(OCoLC)fst00982872</subfield></datafield><datafield ind1=" " ind2="7" tag="651"><subfield code="a">New York (State)</subfield><subfield code="z">New York.</subfield><subfield code="2">fast</subfield><subfield code="0">(OCoLC)fst01204333</subfield></datafield><datafield ind1=" " ind2="7" tag="651"><subfield code="a">United States.</subfield><subfield code="2">fast</subfield><subfield code="0">(OCoLC)fst01204155</subfield></datafield><datafield ind1=" " ind2="7" tag="655"><subfield code="a">Newspapers.</subfield><subfield code="2">fast</subfield><subfield code="0">(OCoLC)fst01423814</subfield></datafield><datafield ind1=" " ind2=" " tag="752"><subfield code="a">United States</subfield><subfield code="b">New York</subfield><subfield code="c">New York</subfield><subfield code="d">New York.</subfield></datafield><datafield ind1="0" ind2=" " tag="775"><subfield code="t">Tog (New York, N.Y. : 1922 : Boston ed.)</subfield><subfield code="w">(DLC)sn 93058801</subfield></datafield><datafield ind1="0" ind2="0" tag="780"><subfield code="t">Tog, di v&#803;arhayt&#803;</subfield><subfield code="w">(DLC)sn 83045860</subfield></datafield><datafield ind1="0" ind2="7" tag="785"><subfield code="t">Morgen zshurnal (New York, N.Y. : 1938)</subfield><subfield code="w">(DLC)sn 83045846</subfield></datafield><datafield ind1="0" ind2="7" tag="785"><subfield code="t">Tog, morgen zshurnal</subfield><subfield code="w">(DLC)sn 83045828</subfield></datafield><datafield ind1="0" ind2="4" tag="880"><subfield code="6">245-01/(2/r</subfield><subfield code="a">&#1491;&#1506;&#1512; &#1496;&#1488;&#1490; =</subfield><subfield code="b">The Day</subfield><subfield code="h">[microform].</subfield></datafield><datafield ind1="1" ind2=" " tag="029"><subfield code="a">AU@</subfield><subfield code="b">000020295226</subfield></datafield></record>